<?xml version="1.0"?>
<marc:collection xmlns:marc="http://www.loc.gov/MARC21/slim" xmlns:xsi="http://www.w3.org/2001/XMLSchema-instance" xsi:schemaLocation="http://www.loc.gov/MARC21/slim http://www.loc.gov/standards/marcxml/schema/MARC21slim.xsd">
   <marc:record type="Bibliographic">
      <marc:leader>01421cam a2200361Ma 4500</marc:leader>
      <marc:controlfield tag="001">2754244</marc:controlfield>
      <marc:controlfield tag="003">NjP</marc:controlfield>
      <marc:controlfield tag="005">20130624111753.0</marc:controlfield>
      <marc:controlfield tag="008">880825s1958    ir       b    001 0 ara d</marc:controlfield>
      <marc:datafield tag="024" ind1="7" ind2=" ">
         <marc:subfield code="a">princeton_aco000152</marc:subfield>
         <marc:subfield code="2">local</marc:subfield>
      </marc:datafield>
      <marc:datafield tag="035" ind1=" " ind2=" ">
         <marc:subfield code="a">(OCoLC)ocn178209132</marc:subfield>
      </marc:datafield>
      <marc:datafield tag="035" ind1=" " ind2=" ">
         <marc:subfield code="a">(OCoLC)ocm18400406</marc:subfield>
      </marc:datafield>
      <marc:datafield tag="040" ind1=" " ind2=" ">
         <marc:subfield code="a">ORZ</marc:subfield>
         <marc:subfield code="c">PUL</marc:subfield>
         <marc:subfield code="d">PUL</marc:subfield>
      </marc:datafield>
      <marc:datafield tag="035" ind1=" " ind2=" ">
         <marc:subfield code="a">(OCoLC)178209132</marc:subfield>
      </marc:datafield>
      <marc:datafield tag="035" ind1=" " ind2=" ">
         <marc:subfield code="9">CNE7314TS</marc:subfield>
      </marc:datafield>
      <marc:datafield tag="035" ind1=" " ind2=" ">
         <marc:subfield code="a">( NjP)2754244</marc:subfield>
      </marc:datafield>
      <marc:datafield tag="041" ind1="0" ind2=" ">
         <marc:subfield code="a">araper</marc:subfield>
      </marc:datafield>
      <marc:datafield tag="079" ind1=" " ind2=" ">
         <marc:subfield code="a">ocm18400406</marc:subfield>
      </marc:datafield>
      <marc:datafield tag="049" ind1=" " ind2=" ">
         <marc:subfield code="a">PULL</marc:subfield>
      </marc:datafield>
      <marc:datafield tag="100" ind1="1" ind2=" ">
         <marc:subfield code="6">880-01</marc:subfield>
         <marc:subfield code="a">Bi&#x304;na&#x304;, Muh&#x323;sin.</marc:subfield>
      </marc:datafield>
      <marc:datafield tag="245" ind1="1" ind2="3">
         <marc:subfield code="6">880-02</marc:subfield>
         <marc:subfield code="a">al-Nah&#x323;w al-ja&#x304;mi&#x2BB; :</marc:subfield>
         <marc:subfield code="b">sha&#x304;mil-i kulli&#x304;yah-i maba&#x304;h&#x323;is&#x332;-i nah&#x323;v taw&#x2BC;am ba&#x304; tarki&#x304;b va tawz&#x324;i&#x304;h&#x323; /</marc:subfield>
         <marc:subfield code="c">ta&#x2BC;li&#x304;f Muh&#x323;sin Bi&#x304;na&#x304;.</marc:subfield>
      </marc:datafield>
      <marc:datafield tag="250" ind1=" " ind2=" ">
         <marc:subfield code="6">880-03</marc:subfield>
         <marc:subfield code="a">Cha&#x304;p-i 1.</marc:subfield>
      </marc:datafield>
      <marc:datafield tag="260" ind1=" " ind2=" ">
         <marc:subfield code="6">880-04</marc:subfield>
         <marc:subfield code="a">Qum [I&#x304;ra&#x304;n] :</marc:subfield>
         <marc:subfield code="b">Cha&#x304;pkha&#x304;nah-i Dar al-&#x2BB;iilm,</marc:subfield>
         <marc:subfield code="c">1337 [i.e. 1958 or 1959]</marc:subfield>
      </marc:datafield>
      <marc:datafield tag="300" ind1=" " ind2=" ">
         <marc:subfield code="a">263 p. ;</marc:subfield>
         <marc:subfield code="c">25 cm.</marc:subfield>
      </marc:datafield>
      <marc:datafield tag="500" ind1=" " ind2=" ">
         <marc:subfield code="a">In Persian.</marc:subfield>
      </marc:datafield>
      <marc:datafield tag="504" ind1=" " ind2=" ">
         <marc:subfield code="a">Includes bibli&#x2B9;ographical references and index.</marc:subfield>
      </marc:datafield>
      <marc:datafield tag="650" ind1=" " ind2="0">
         <marc:subfield code="a">Arabic language</marc:subfield>
         <marc:subfield code="x">Grammar.</marc:subfield>
      </marc:datafield>
      <marc:datafield tag="650" ind1=" " ind2="0">
         <marc:subfield code="a">Arabic language</marc:subfield>
         <marc:subfield code="v">Textbooks for foreign speakers</marc:subfield>
         <marc:subfield code="x">Persian.</marc:subfield>
      </marc:datafield>
      <marc:datafield tag="880" ind1="1" ind2=" ">
         <marc:subfield code="6">100-01/r</marc:subfield>
         <marc:subfield code="a">&#x628;&#x64A;&#x646;&#x627;&#x60C; &#x645;&#x62D;&#x633;&#x646;.</marc:subfield>
      </marc:datafield>
      <marc:datafield tag="880" ind1="1" ind2="2">
         <marc:subfield code="6">245-02/r</marc:subfield>
         <marc:subfield code="a">&#x627;&#x644;&#x646;&#x62D;&#x648; &#x627;&#x644;&#x62C;&#x627;&#x645;&#x639; :</marc:subfield>
         <marc:subfield code="b">&#x634;&#x627;&#x645;&#x644;&#x627; &#x643;&#x644;&#x64A;&#x629;&#x627; &#x645;&#x628;&#x627;&#x62D;o&#x308;&#x633;&#x627; &#x646;&#x62D;&#x6A4; &#x62A;&#x648;&#x624;&#x645; &#x628;&#x627; &#x62A;&#x631;&#x643;&#x64A;&#x628; &#x6A4; &#x62A;&#x648;o&#x301;&#x632;&#x64A;&#x62D; /</marc:subfield>
         <marc:subfield code="c">&#x62A;&#x623;&#x644;&#x64A;&#x641; &#x645;&#x62D;&#x633;&#x646; &#x628;&#x64A;&#x646;&#x627;.</marc:subfield>
      </marc:datafield>
      <marc:datafield tag="880" ind1=" " ind2=" ">
         <marc:subfield code="6">250-03/r</marc:subfield>
         <marc:subfield code="a">&#x686;&#x627;&#x67E;&#x627; 1.</marc:subfield>
      </marc:datafield>
      <marc:datafield tag="880" ind1=" " ind2=" ">
         <marc:subfield code="6">260-04/r</marc:subfield>
         <marc:subfield code="a">&#x642;&#x645; [&#x627;&#x64A;&#x631;&#x627;&#x646;] :</marc:subfield>
         <marc:subfield code="b">&#x686;&#x627;&#x67E;&#x62E;&#x627;&#x646;&#x647;&#x627; &#x62F;&#x627;&#x631; &#x627;&#x644;&#x639;&#x644;&#x645;&#x60C;</marc:subfield>
         <marc:subfield code="c">1337 [&#x627;.. 1958 &#x623;&#x648; 1959]</marc:subfield>
      </marc:datafield>
      <marc:datafield tag="911" ind1=" " ind2=" ">
         <marc:subfield code="a">20000130</marc:subfield>
      </marc:datafield>
      <marc:datafield tag="994" ind1=" " ind2=" ">
         <marc:subfield code="a">C0</marc:subfield>
         <marc:subfield code="b">PUL</marc:subfield>
      </marc:datafield>
      <marc:datafield tag="999" ind1=" " ind2=" ">
         <marc:subfield code="a">2754244</marc:subfield>
      </marc:datafield>
   </marc:record>
</marc:collection>
